@misc{bucketSort,
		title="Lacey S., Box R. A Fast, Easy Sort: A novel enhancement makes a bubble sort into one of the fastest sorting routines / Журнал, Byte. apr. 1991., vol. 16, № 4. --- Canada: Ottawa, 1991. --- Pp. 315—320",
}

@misc{bitonicSort,
		title="Laxmikant V. Kale, Edgar Solomonik. Sorting// Encyclopedia of Parallel Computing : encyclopedy. --- Berlin: Springer, 2011. --- Pp. 1855--1861.",
}


@misc{model,
		title="М. В. Ульянов Ресурсно-эффективные компьютерные алгоритмы. Разработка и анализ. Учебное пособие / М.В. Ульянов. — М.: Издательство НАУКА ФИЗМАТЛИТ, 2007. - 376 с.",
}

@misc{pancake-sort-characteristic,
	title="Классификация алгоритмов сортировки  [Электронный ресурс]",
	howpublished="Режим доступа: \url{http://dander.ru/gos/22.html} (дата обращения: 23.09.2022)"
}
